<?xml version="1.0" encoding="UTF-8"?><collection xmlns="http://www.loc.gov/MARC21/slim"><record><leader>00342nam--2200121-i-4500</leader><controlfield tag="001">000038309</controlfield><controlfield tag="002">20161230</controlfield><controlfield tag="005">20161230201041</controlfield><controlfield tag="008">060222s1000------------r-----000-0-eng-d</controlfield><datafield ind1=" " ind2=" " tag="080"><subfield code="a">621.384.6(061.3)</subfield></datafield><datafield ind1=" " ind2=" " tag="245"><subfield code="a">Recent progress in accelerator beam appl</subfield></datafield><datafield ind1=" " ind2=" " tag="260"><subfield code="a">Tokai-mura, Japan Atomic Energy Research Inst., 1977. Xv + 518 P</subfield></datafield><datafield ind1=" " ind2=" " tag="852"><subfield code="a">81028</subfield></datafield></record></collection>